@Book{WEWL05,
Year = 2006,
Author = "Michael C. Feathers",
Title = "Working Effectively with Legacy Code",
Publisher = "Prentice Hall PTR",
Address = "Upper Saddle River, NJ 07458"
}

@Book{DT_17,
Year = "2017",
Author = "Alexander Tarlinder",
Title = "Developer Testing",
Publisher = "Prentice Hall PTR",
Address = "Upper Saddle River, NJ 07458"
}

@Book{RIDEC_99,
Year = "1999",
Author = "Martin Fowler",
Title = "Refactoring: Improving the Design of Existing Code",
Publisher = "Addison Wesley",
}

@Book{MMESE_95,
Year = "1995",
Author = "Frederick P. Brooks",
Title = "Mythical Man-Month, The: Essay on Software Engineering, Anniversary Edition",
Publisher = "Addison Wesley",
}

@Book{sdm_05,
Year = "2005",
Author = "Hong Zhu",
Title = "Software Design Methodology",
Publisher = "Butteworth-Heinemann"
}

@Book{cc_09,
Year = "2009",
Author = "Robert C. Martin",
Title = "Clean Code",
Publisher = "Prentice Hall PTR",
Address = "Upper Saddle River, NJ 07458"
}

@Book{cc_18,
Year = "2018",
Author = "Robert C. Martin",
Title = "Clean Architecture",
Publisher = "Prentice Hall PTR",
Address = "Upper Saddle River, NJ 07458"
}

@Book{thtaht_14,
Year = "2014",
Author = "Ben Horowitz",
Title = "The Hard Thing About Hard Things: Building a Business When There Are No Easy Answers",
Publisher = "International and Pan-American"
}

@Book{fc_05,
Year = "2005",
Author = "Linda Rising",
Title = "Fearless Change: Patterns for Introducing New Ideas",
Publisher = "Addison-Wesley"
}

@Article{tmes_08,
Author = "Robert L. Glass",
Title = "Two Mistakes and Error-Free Software",
Journal = "IEEE Software",
Year = 2008
}

@Article{st_17,
Author = "Mohamad Kassab, Joanna F. De Franco, and Phillip A. Laplante",
Title = "Software Testing",
Journal = "IEEE Software",
Year = 2017
}

@Misc{sfldb_13,
Author = "Claudia Ricaldez Rocabado",
Title = "Software Firms and Local Development in Bolivia",
Note = "https://jms-scholarship.mesopartner.com/publications/",
Year = 2013
}

@Book{mdlic_16,
Year = 2016,
Author = "Carlos M. Álvarez de Zayas",
Title = "Metodología de la investigación científica",
Publisher = "Grupo Editorial Kipus",
Address = "Calle Hamiraya Nro 127 casi Heroínas, Cochabamba - Bolivia"
}